<record><leader>00000cas a22000007a 4500</leader><controlfield tag="001">23712083</controlfield><controlfield tag="008">910507d19381979mauwr ne      0    0eng d</controlfield><datafield ind1=" " ind2=" " tag="010"><subfield code="a">sn 91057067 </subfield></datafield><datafield ind1=" " ind2=" " tag="040"><subfield code="a">MGN</subfield><subfield code="b">eng</subfield><subfield code="c">MGN</subfield><subfield code="d">OCLCQ</subfield></datafield><datafield ind1=" " ind2=" " tag="042"><subfield code="a">msc</subfield></datafield><datafield ind1="0" ind2="4" tag="245"><subfield code="a">The East Boston times.</subfield></datafield><datafield ind1="3" ind2="0" tag="246"><subfield code="a">East Boston times free press</subfield></datafield><datafield ind1="3" ind2="0" tag="246"><subfield code="a">East Boston times free press leader</subfield></datafield><datafield ind1=" " ind2=" " tag="260"><subfield code="a">East Boston [Mass. :</subfield><subfield code="b">John P. Torrone]</subfield></datafield><datafield ind1=" " ind2=" " tag="300"><subfield code="a">v.</subfield></datafield><datafield ind1=" " ind2=" " tag="310"><subfield code="a">Weekly</subfield></datafield><datafield ind1="1" ind2=" " tag="362"><subfield code="a">Began Sept. 2, 1938.</subfield></datafield><datafield ind1="0" ind2=" " tag="362"><subfield code="a">-Oct. 17, 1979.</subfield></datafield><datafield ind1=" " ind2=" " tag="500"><subfield code="a">Title varies.</subfield></datafield><datafield ind1=" " ind2=" " tag="588"><subfield code="a">Description based on: Vol. 1, no. 23 (Feb. 2, 1939).</subfield></datafield><datafield ind1=" " ind2=" " tag="752"><subfield code="a">United States</subfield><subfield code="b">Massachusetts</subfield><subfield code="c">Suffolk</subfield><subfield code="d">Boston.</subfield></datafield><datafield ind1=" " ind2=" " tag="752"><subfield code="a">United States</subfield><subfield code="b">Massachusetts</subfield><subfield code="c">Suffolk</subfield><subfield code="d">East Boston.</subfield></datafield><datafield ind1="0" ind2="5" tag="780"><subfield code="t">East Boston free press</subfield><subfield code="g">Nov. 20, 1962</subfield><subfield code="w">(DLC)sn 91057069</subfield></datafield><datafield ind1="0" ind2="5" tag="780"><subfield code="t">East Boston leader</subfield><subfield code="g">Mar. 12, 1964</subfield><subfield code="w">(DLC)sn 91057060</subfield></datafield><datafield ind1="0" ind2="0" tag="785"><subfield code="t">East Boston times-free press and East Boston leader</subfield><subfield code="w">(DLC)sn 91057071</subfield></datafield><datafield ind1="1" ind2=" " tag="029"><subfield code="a">AU@</subfield><subfield code="b">000025882679</subfield></datafield></record>